<collection>
<record>
<leader>07882cpcaa22010097i 4500</leader>
<controlfield tag="001">18371652</controlfield>
<controlfield tag="005">20240605092443.0</controlfield>
<controlfield tag="007">st ||ncmb||n|e</controlfield>
<controlfield tag="008">141113i19231985xx eng </controlfield>
<datafield ind1=" " ind2=" " tag="906">
<subfield code="a">7</subfield>
<subfield code="b">cbc</subfield>
<subfield code="c">orignew</subfield>
<subfield code="d">u</subfield>
<subfield code="e">ncip</subfield>
<subfield code="f">20</subfield>
<subfield code="g">y-folklife</subfield>
</datafield>
<datafield ind1=" " ind2=" " tag="955">
<subfield code="a">mkru 2014-11-13</subfield>
<subfield code="a">mseg 2014-11-14; cker 2015-12-15</subfield>
<subfield code="a">mseg 2017-08-04</subfield>
<subfield code="a">mseg 2017-08-18</subfield>
<subfield code="a">jjh 2021-08-06</subfield>
<subfield code="a">mseg 2021-09-10</subfield>
<subfield code="a">mseg 2021-11-25</subfield>
<subfield code="a">sludewig 2023-04-25</subfield>
<subfield code="a">mseg 2023-06-01</subfield>
<subfield code="a">sludewig 2023-06-28</subfield>
<subfield code="a">masmit 2024-01-16</subfield>
<subfield code="a">masmit 2024-01-17</subfield>
<subfield code="a">masmit 2024-01-18</subfield>
<subfield code="a">masmit 2024-04-01</subfield>
<subfield code="a">masmit 2024-05-20</subfield>
<subfield code="a">masmit 2024-06-05</subfield>
</datafield>
<datafield ind1=" " ind2=" " tag="010">
<subfield code="a"> 2014655541</subfield>
</datafield>
<datafield ind1=" " ind2=" " tag="040">
<subfield code="a">DLC</subfield>
<subfield code="b">eng</subfield>
<subfield code="e">dacs</subfield>
<subfield code="c">DLC</subfield>
<subfield code="d">DLC</subfield>
</datafield>
<datafield ind1=" " ind2=" " tag="043">
<subfield code="a">n-us---</subfield>
</datafield>
<datafield ind1=" " ind2=" " tag="090">
<subfield code="a">
RXH 8870-8920, RXI 0135-RXI 0228; RXJ 0540-0541 (sound reels, 7 in.); RYP 7397-7400 (sound cassettes)
</subfield>
</datafield>
<datafield ind1=" " ind2=" " tag="090">
<subfield code="a">AFC 2002/009</subfield>
</datafield>
<datafield ind1="0" ind2="0" tag="245">
<subfield code="a">Neil V. Rosenberg bluegrass music collection,</subfield>
<subfield code="f">1923-1985</subfield>
<subfield code="g">(bulk 1948-1985).</subfield>
</datafield>
<datafield ind1=" " ind2=" " tag="300">
<subfield code="3">whole collection</subfield>
<subfield code="a">2,942</subfield>
<subfield code="f">items</subfield>
</datafield>
<datafield ind1=" " ind2=" " tag="300">
<subfield code="3">whole collection</subfield>
<subfield code="a">6</subfield>
<subfield code="f">containers</subfield>
</datafield>
<datafield ind1=" " ind2=" " tag="300">
<subfield code="3">manuscripts</subfield>
<subfield code="a">approximately 1,755</subfield>
<subfield code="f">sheets</subfield>
</datafield>
<datafield ind1=" " ind2=" " tag="300">
<subfield code="3">manuscripts</subfield>
<subfield code="a">48 document files (DOC, DOCX, PDF, TXT) :</subfield>
<subfield code="b">digital</subfield>
</datafield>
<datafield ind1=" " ind2=" " tag="300">
<subfield code="3">sound recordings</subfield>
<subfield code="a">273 sound tape reels :</subfield>
<subfield code="b">analog, 3 3/4 and 7 1/2 ips, 2 track ;</subfield>
<subfield code="c">7 in., 5 in., and 3 in.</subfield>
</datafield>
<datafield ind1=" " ind2=" " tag="300">
<subfield code="3">sound recordings</subfield>
<subfield code="a">34 sound cassettes :</subfield>
<subfield code="b">analog</subfield>
</datafield>
<datafield ind1=" " ind2=" " tag="300">
<subfield code="3">sound recordings</subfield>
<subfield code="a">786 sound files (AIF, MP3, WAV) :</subfield>
<subfield code="b">digital</subfield>
</datafield>
<datafield ind1=" " ind2=" " tag="300">
<subfield code="3">graphic materials</subfield>
<subfield code="a">5 photographs :</subfield>
<subfield code="b">black and white ;</subfield>
<subfield code="c">5 in. x 8 in.</subfield>
</datafield>
<datafield ind1=" " ind2=" " tag="300">
<subfield code="3">graphic materials</subfield>
<subfield code="a">39 photographs :</subfield>
<subfield code="b">color transparencies (slide format) ;</subfield>
<subfield code="c">35 mm</subfield>
</datafield>
<datafield ind1=" " ind2=" " tag="300">
<subfield code="3">graphic materials</subfield>
<subfield code="a">2 photograph files :</subfield>
<subfield code="b">digital, color, JPG</subfield>
</datafield>
<datafield ind1=" " ind2=" " tag="351">
<subfield code="a">
Organized into four series: Series 1. Tennessee-Tombigbee Folklife Survey. Series 2. Correspondence and contacts. Series 3. Sound recordings. Series 4. Graphic materials.
</subfield>
</datafield>
<datafield ind1="0" ind2=" " tag="511">
<subfield code="a">
Various performers including Bill Monroe and his Blue Grass Boys, Charlie Monroe, Flatt and Scruggs, Stanley Brothers, Carter Family, Osborne Brothers, Mac Wiseman, Country Boys, Stoneman Family, Reno and Smiley, Redwood Canyon Ramblers, Country Gentlemen, Barrier Brothers, Brown County Fox Hunters, Bryant Wilson, Carroll County Boys, Lorain County String Band, Jim and Jesse, Mainer's Mountaineers, Pigeon Hill Boys, Lilly Brothers, Frank Wakefield and Red Allen, Doc Watson, McCormick Brothers, Kentucky Colonels, Old Joe Clarke and the Baker Brothers, Byron Berline, and others.
</subfield>
</datafield>
<datafield ind1=" " ind2=" " tag="520">
<subfield code="a">
Collection of compilation audio tape recordings made from dubs of bluegrass 78 rpm discs, 45 rpm discs, LPs, radio airchecks, concert recordings, and interviews, in a series titled Bluegrass Anthology, some recordings are undated, some are dated 1948-1964. Plus a numerical series of concert recordings made by Neil V. Rosenberg and others at the Bean Blossom Festival; Mockingbird Hill Park (Anderson, Indiana); Club 47; Oberlin College; University of Illinois; Purdue University; Berkeley, California; Bloomington, Indiana; and other locations, from 1954-1969; plus various dubs of bluegrass radio programs, singles, and LPs.
</subfield>
</datafield>
<datafield ind1="8" ind2=" " tag="524">
<subfield code="a">
Neil V. Rosenberg bluegrass music collection (AFC 2002/009), American Folklife Center, Library of Congress, Washington, D.C.
</subfield>
</datafield>
<datafield ind1="0" ind2=" " tag="506">
<subfield code="a">
Collection is open to research. To request materials, please contact the Folklife Reading Room at
</subfield>
<subfield code="u">https://hdl.loc.gov/loc.afc/folklife.contact</subfield>
</datafield>
<datafield ind1=" " ind2=" " tag="530">
<subfield code="a">
Selected recordings from the Neil V. Rosenberg Bluegrass music collection have been digitized.
</subfield>
</datafield>
<datafield ind1=" " ind2=" " tag="540">
<subfield code="a">
Duplication of sound recordings may be governed by copyright and other restrictions.
</subfield>
</datafield>
<datafield ind1=" " ind2=" " tag="541">
<subfield code="a">Neil V. Rosenberg;</subfield>
<subfield code="c">Donation;</subfield>
<subfield code="d">2002, 2014, 2019, 2023.</subfield>
</datafield>
<datafield ind1=" " ind2=" " tag="541">
<subfield code="a">Brian Miksis;</subfield>
<subfield code="c">Donation;</subfield>
<subfield code="d">2013.</subfield>
</datafield>
<datafield ind1=" " ind2=" " tag="545">
<subfield code="a">
Neil V. Rosenberg (born 1939, in Seattle, Washington), grew up in Olympia, Washington, Los Alamos, New Mexico, and Berkeley, California. From age seven he studied violin, and later studied guitar and voice. His studies at Oberlin College (where he earned a B.A. in history) overlapped with his time as co-founder of the Redwood Canyon Ramblers. After graduation from Oberlin he attended Indiana University (where he earned his M.A. and Ph.D. degrees in Folklore). Throughout this time he remained active as a musician and, with the banjo as his primary musical instrument, he played at the Brown County Jamboree in the early 1960s. His writing career from the mid-1960s has focused on bluegrass music history, and he has written critically acclaimed books including Bluegrass: A History (1985; revised 2005), Bluegrass Odyssey: A Documentary in Pictures and Words, 1966-86 (2001), and Bluegrass Generation: A Memoir (2018), as well as album liner notes and scholarly articles. His teaching career includes work at Indiana University (1966-1968) and Memorial University of Newfoundland (1968-2004). In Canada, as in the U.S., Rosenberg developed a career as a founder and mentor for various musical endeavors: as a co-founder of the bluegrass band Crooked Stovepipe, as the host of a weekly bluegrass music show (broadcast on radio station CKIX-FM (St. John's, Newfoundland and Labrador, Canada), in addition to numerous other achievements that have served to draw and maintain a lively interest in the genre and history of bluegrass music. He is a member of the Bluegrass Hall of Fame (inducted 2014).
</subfield>
</datafield>
<datafield ind1=" " ind2=" " tag="546">
<subfield code="a">In English.</subfield>
</datafield>
<datafield ind1="0" ind2=" " tag="555">
<subfield code="a">Finding aid is available online</subfield>
<subfield code="u">https://hdl.loc.gov/loc.afc/eadafc.af022010</subfield>
</datafield>
<datafield ind1="2" ind2="0" tag="610">
<subfield code="a">Freight & Salvage Coffee House (Berkeley, Calif.)</subfield>
</datafield>
<datafield ind1="2" ind2="0" tag="610">
<subfield code="a">New River Ranch (Md.)</subfield>
</datafield>
<datafield ind1="2" ind2="0" tag="611">
<subfield code="a">Bean Blossom Bluegrass Music Festival.</subfield>
</datafield>
<datafield ind1="0" ind2="0" tag="630">
<subfield code="a">Brown County Jamboree (radio program)</subfield>
</datafield>
<datafield ind1="0" ind2="0" tag="630">
<subfield code="a">Grand ole opry (Radio program)</subfield>
</datafield>
<datafield ind1=" " ind2="0" tag="650">
<subfield code="a">Bluegrass music.</subfield>
</datafield>
<datafield ind1=" " ind2="0" tag="650">
<subfield code="a">Bluegrass musicians</subfield>
<subfield code="z">United States</subfield>
<subfield code="v">Interviews.</subfield>
</datafield>
<datafield ind1=" " ind2="0" tag="650">
<subfield code="a">Folk music</subfield>
<subfield code="z">United States.</subfield>
</datafield>
<datafield ind1=" " ind2="0" tag="650">
<subfield code="a">Old-time music.</subfield>
</datafield>
<datafield ind1=" " ind2="0" tag="651">
<subfield code="a">Tennessee-Tombigbee Waterway (Ala. and Miss.)</subfield>
<subfield code="x">Social aspects.</subfield>
</datafield>
<datafield ind1=" " ind2="7" tag="655">
<subfield code="a">Country music radio programs</subfield>
<subfield code="2">lcgft</subfield>
</datafield>
<datafield ind1=" " ind2="7" tag="655">
<subfield code="a">Radio airchecks</subfield>
<subfield code="2">lcgft</subfield>
</datafield>
<datafield ind1=" " ind2="7" tag="655">
<subfield code="a">Field recordings.</subfield>
<subfield code="2">lcgft</subfield>
</datafield>
<datafield ind1="1" ind2=" " tag="700">
<subfield code="a">Rosenberg, Neil V.,</subfield>
<subfield code="e">collector.</subfield>
</datafield>
<datafield ind1="1" ind2=" " tag="700">
<subfield code="a">Allen, Red,</subfield>
<subfield code="d">1930-1993,</subfield>
<subfield code="e">performer.</subfield>
</datafield>
<datafield ind1="1" ind2=" " tag="700">
<subfield code="a">Berline, Byron,</subfield>
<subfield code="e">performer.</subfield>
</datafield>
<datafield ind1="1" ind2=" " tag="700">
<subfield code="a">Hambly, Scott,</subfield>
<subfield code="e">performer.</subfield>
</datafield>
<datafield ind1="1" ind2=" " tag="700">
<subfield code="a">Monroe, Bill,</subfield>
<subfield code="d">1911-1996,</subfield>
<subfield code="e">performer.</subfield>
</datafield>
<datafield ind1="1" ind2=" " tag="700">
<subfield code="a">Monroe, Charlie,</subfield>
<subfield code="e">performer.</subfield>
</datafield>
<datafield ind1="0" ind2=" " tag="700">
<subfield code="a">Stringbean,</subfield>
<subfield code="d">1915-1973,</subfield>
<subfield code="e">performer.</subfield>
</datafield>
<datafield ind1="1" ind2=" " tag="700">
<subfield code="a">Wakefield, Frank,</subfield>
<subfield code="e">performer.</subfield>
</datafield>
<datafield ind1="1" ind2=" " tag="700">
<subfield code="a">Watson, Doc,</subfield>
<subfield code="e">performer.</subfield>
</datafield>
<datafield ind1="1" ind2=" " tag="700">
<subfield code="a">Wiseman, Mac,</subfield>
<subfield code="e">performer.</subfield>
</datafield>
<datafield ind1="2" ind2=" " tag="710">
<subfield code="a">Barrier Brothers,</subfield>
<subfield code="e">performer.</subfield>
</datafield>
<datafield ind1="2" ind2=" " tag="710">
<subfield code="a">Blue Grass Boys,</subfield>
<subfield code="e">performer.</subfield>
</datafield>
<datafield ind1="2" ind2=" " tag="710">
<subfield code="a">Carroll County Country Boys,</subfield>
<subfield code="e">performer.</subfield>
</datafield>
<datafield ind1="2" ind2=" " tag="710">
<subfield code="a">Carter Family (Musical group),</subfield>
<subfield code="e">performer.</subfield>
</datafield>
<datafield ind1="2" ind2=" " tag="710">
<subfield code="a">Country Gentlemen (Musical group),</subfield>
<subfield code="e">performer.</subfield>
</datafield>
<datafield ind1="2" ind2=" " tag="710">
<subfield code="a">Foggy Mountain Boys,</subfield>
<subfield code="e">performer.</subfield>
</datafield>
<datafield ind1="2" ind2=" " tag="710">
<subfield code="a">Jim and Jesse,</subfield>
<subfield code="e">performer.</subfield>
</datafield>
<datafield ind1="2" ind2=" " tag="710">
<subfield code="a">Kentucky Colonels (Musical group),</subfield>
<subfield code="e">performer.</subfield>
</datafield>
<datafield ind1="2" ind2=" " tag="710">
<subfield code="a">Lorain County String Band,</subfield>
<subfield code="e">performer.</subfield>
</datafield>
<datafield ind1="2" ind2=" " tag="710">
<subfield code="a">McCormick Brothers,</subfield>
<subfield code="e">performer.</subfield>
</datafield>
<datafield ind1="2" ind2=" " tag="710">
<subfield code="a">Osborne Brothers,</subfield>
<subfield code="e">performer.</subfield>
</datafield>
<datafield ind1="2" ind2=" " tag="710">
<subfield code="a">Pigeon Hill Boys,</subfield>
<subfield code="e">performer.</subfield>
</datafield>
<datafield ind1="2" ind2=" " tag="710">
<subfield code="a">Plum Creek Boys,</subfield>
<subfield code="e">performer.</subfield>
</datafield>
<datafield ind1="2" ind2=" " tag="710">
<subfield code="a">Redwood Canyon Ramblers,</subfield>
<subfield code="e">performer.</subfield>
</datafield>
<datafield ind1="2" ind2=" " tag="710">
<subfield code="a">Reno & Smiley,</subfield>
<subfield code="e">performer.</subfield>
</datafield>
<datafield ind1="2" ind2=" " tag="710">
<subfield code="a">Stanley Brothers,</subfield>
<subfield code="e">performer.</subfield>
</datafield>
<datafield ind1="2" ind2=" " tag="710">
<subfield code="a">Stoneman Family (Musical group),</subfield>
<subfield code="e">performer.</subfield>
</datafield>
<datafield ind1=" " ind2=" " tag="751">
<subfield code="a">Anderson (Ind.),</subfield>
<subfield code="e">event place.</subfield>
</datafield>
<datafield ind1=" " ind2=" " tag="751">
<subfield code="a">Beanblossom (Ind.),</subfield>
<subfield code="e">event place.</subfield>
</datafield>
<datafield ind1=" " ind2=" " tag="751">
<subfield code="a">Oberlin (Ohio),</subfield>
<subfield code="e">event place.</subfield>
</datafield>
<datafield ind1=" " ind2=" " tag="751">
<subfield code="a">Rising Sun (Md.),</subfield>
<subfield code="e">event place.</subfield>
</datafield>
<datafield ind1=" " ind2=" " tag="852">
<subfield code="a">Library of Congress</subfield>
<subfield code="b">American Folklife Center,</subfield>
<subfield code="e">
101 Independence Ave. S.E., Washington, DC USA 20540-4610
</subfield>
<subfield code="u">https://hdl.loc.gov/loc.afc/folklife.home</subfield>
</datafield>
<datafield ind1="4" ind2="2" tag="856">
<subfield code="3">Finding aid</subfield>
<subfield code="u">https://hdl.loc.gov/loc.afc/eadafc.af022010</subfield>
</datafield>
<datafield ind1=" " ind2=" " tag="985">
<subfield code="a">afc/coll</subfield>
</datafield>
<datafield ind1=" " ind2=" " tag="985">
<subfield code="a">afc/ead</subfield>
</datafield>
</record>
</collection>